%% BibDesk - http://bibdesk.sourceforge.net/

%% Created by Mitchell Ford - 2022.01.22 15:49:01

%% Saved with string encoding Unicode (UTF-8) 


@book{author_titlefirstword_YYYY,
    author = {First Last, First Last, First Last},
    year = {YYYY},
    title = {Title of the book, article, thesis, or chapter goes here.},
    publisher = {Publisher Name},
    address = {Address, Province/State, Country},
    edition = {\#},
    isbn = {isbn-number}
}

@article{author_titlefirstword_YYYY,
	title = {Title of the book, article, thesis, or chapter goes here.},
	author = {First Last, First Last, First Last},
	volume = {\#},
	year = {YYYY},
	doi = {doi-number},
	journal = {Journal Name},
	url = {https://link.aps.org/doi/10.1103/PhysRevLett.56.930}
}

@phdthesis{author_titlefirstword_YYYY,
    author = {First Last},
	title = {Title of the book, article, thesis, or chapter goes here.},
	year = {YYYY},
	institution = {University Name},
	type = {phdthesis},
	url = {https://ui.adsabs.harvard.edu/abs/2015PhDT........72Y}
}


@mastersthesis{author_titlefirstword_YYYY,
    title = {Title of the book, article, thesis, or chapter goes here.},
    school = {University Name},
    author = {First Last},
    year = {2021}
}

%%% ****************************** %%%
%%% Overleaf Bibliography Examples %%%
%%% ****************************** %%%

@article{einstein,
    author = "Albert Einstein",
    title = "{Zur Elektrodynamik bewegter K{\"o}rper}. ({German})
    [{On} the electrodynamics of moving bodies]",
    journal = "Annalen der Physik",
    volume = "322",
    number = "10",
    pages = "891--921",
    year = "1905",
    DOI = "http://dx.doi.org/10.1002/andp.19053221004",
    keywords = "physics"
}

@book{dirac,
    title = {The Principles of Quantum Mechanics},
    author = {Paul Adrien Maurice Dirac},
    isbn = {9780198520115},
    series = {International series of monographs on physics},
    year = {1981},
    publisher = {Clarendon Press},
    keywords = {physics}
}

@online{knuthwebsite,
    author = "Donald Knuth",
    title = "Knuth: Computers and Typesetting",
    url  = "http://www-cs-faculty.stanford.edu/~uno/abcde.html",
    addendum = "(accessed: 01.09.2016)",
    keywords = "latex,knuth"
}

@inbook{knuth-fa,
    author = "Donald E. Knuth",
    title = "Fundamental Algorithms",
    publisher = "Addison-Wesley",
    year = "1973",
    chapter = "1.2",
    keywords  = "knuth,programming"
}